@article{sample,
  title={Sample},
  author={John Doe},
  journal={Sample Journal},
  volume={1},
  number={1},
  pages={1-2},
  year={2000},
}
